@article{hallikainen1986dielectric,
	title={Dielectric properties of snow in the 3 to 37 {GHz} range},
	author={Hallikainen, Martti T and Ulaby, Fawwazt T and Abdelrazik, Mohamed},
	journal={Antennas and Propagation, IEEE Transactions on},
	volume={34},
	number={11},
	pages={1329--1340},
	year={1986},
	publisher={IEEE}
}